<record><leader>00000cas a22000007a 4500</leader><controlfield tag="001">17165811</controlfield><controlfield tag="008">871203c19819999ohuwr ne      0    0eng d</controlfield><datafield ind1=" " ind2=" " tag="010"><subfield code="a">sn 87075236 </subfield></datafield><datafield ind1=" " ind2=" " tag="040"><subfield code="a">ONP</subfield><subfield code="b">eng</subfield><subfield code="c">ONP</subfield><subfield code="d">OCLCQ</subfield></datafield><datafield ind1=" " ind2=" " tag="042"><subfield code="a">msc</subfield></datafield><datafield ind1="0" ind2="0" tag="245"><subfield code="a">Sentinel paper.</subfield></datafield><datafield ind1=" " ind2=" " tag="260"><subfield code="a">Woodsfield, Ohio :</subfield><subfield code="b">[Sentinel Pub. Co.],</subfield><subfield code="c">1981-</subfield></datafield><datafield ind1=" " ind2=" " tag="310"><subfield code="a">Weekly</subfield></datafield><datafield ind1="0" ind2=" " tag="362"><subfield code="a">Sept. 21, 1981-</subfield></datafield><datafield ind1=" " ind2=" " tag="580"><subfield code="a">News edition: Spirit of Democracy (Woodsfield, Ohio : 1844).</subfield></datafield><datafield ind1=" " ind2=" " tag="752"><subfield code="a">United States</subfield><subfield code="b">Ohio</subfield><subfield code="c">Monroe</subfield><subfield code="d">Woodsfield.</subfield></datafield><datafield ind1="1" ind2=" " tag="775"><subfield code="t">Spirit of Democracy (Woodsfield, Ohio : 1844)</subfield><subfield code="w">(DLC)sn 85038115</subfield></datafield><datafield ind1="0" ind2="0" tag="780"><subfield code="t">Sentinel (Woodsfield, Ohio : 1976)</subfield><subfield code="w">(DLC)sn 87075237</subfield></datafield></record>